%YAML 1.1
%TAG !u! tag:unity3d.com,2011:
--- !u!29 &1
OcclusionCullingSettings:
  m_ObjectHideFlags: 0
  serializedVersion: 2
  m_OcclusionBakeSettings:
    smallestOccluder: 5
    smallestHole: 0.25
    backfaceThreshold: 100
  m_SceneGUID: 00000000000000000000000000000000
  m_OcclusionCullingData: {fileID: 0}
--- !u!104 &2
RenderSettings:
  m_ObjectHideFlags: 0
  serializedVersion: 9
  m_Fog: 0
  m_FogColor: {r: 0.5, g: 0.5, b: 0.5, a: 1}
  m_FogMode: 3
  m_FogDensity: 0.01
  m_LinearFogStart: 0
  m_LinearFogEnd: 300
  m_AmbientSkyColor: {r: 0.212, g: 0.227, b: 0.259, a: 1}
  m_AmbientEquatorColor: {r: 0.114, g: 0.125, b: 0.133, a: 1}
  m_AmbientGroundColor: {r: 0.047, g: 0.043, b: 0.035, a: 1}
  m_AmbientIntensity: 1
  m_AmbientMode: 0
  m_SubtractiveShadowColor: {r: 0.42, g: 0.478, b: 0.627, a: 1}
  m_SkyboxMaterial: {fileID: 10304, guid: 0000000000000000f000000000000000, type: 0}
  m_HaloStrength: 0.5
  m_FlareStrength: 1
  m_FlareFadeSpeed: 3
  m_HaloTexture: {fileID: 0}
  m_SpotCookie: {fileID: 10001, guid: 0000000000000000e000000000000000, type: 0}
  m_DefaultReflectionMode: 0
  m_DefaultReflectionResolution: 128
  m_ReflectionBounces: 1
  m_ReflectionIntensity: 1
  m_CustomReflection: {fileID: 0}
  m_Sun: {fileID: 0}
  m_IndirectSpecularColor: {r: 0.44657898, g: 0.4964133, b: 0.5748178, a: 1}
  m_UseRadianceAmbientProbe: 0
--- !u!157 &3
LightmapSettings:
  m_ObjectHideFlags: 0
  serializedVersion: 12
  m_GIWorkflowMode: 1
  m_GISettings:
    serializedVersion: 2
    m_BounceScale: 1
    m_IndirectOutputScale: 1
    m_AlbedoBoost: 1
    m_EnvironmentLightingMode: 0
    m_EnableBakedLightmaps: 1
    m_EnableRealtimeLightmaps: 0
  m_LightmapEditorSettings:
    serializedVersion: 12
    m_Resolution: 2
    m_BakeResolution: 40
    m_AtlasSize: 1024
    m_AO: 0
    m_AOMaxDistance: 1
    m_CompAOExponent: 1
    m_CompAOExponentDirect: 0
    m_ExtractAmbientOcclusion: 0
    m_Padding: 2
    m_LightmapParameters: {fileID: 0}
    m_LightmapsBakeMode: 1
    m_TextureCompression: 1
    m_FinalGather: 0
    m_FinalGatherFiltering: 1
    m_FinalGatherRayCount: 256
    m_ReflectionCompression: 2
    m_MixedBakeMode: 2
    m_BakeBackend: 1
    m_PVRSampling: 1
    m_PVRDirectSampleCount: 32
    m_PVRSampleCount: 512
    m_PVRBounces: 2
    m_PVREnvironmentSampleCount: 256
    m_PVREnvironmentReferencePointCount: 2048
    m_PVRFilteringMode: 1
    m_PVRDenoiserTypeDirect: 1
    m_PVRDenoiserTypeIndirect: 1
    m_PVRDenoiserTypeAO: 1
    m_PVRFilterTypeDirect: 0
    m_PVRFilterTypeIndirect: 0
    m_PVRFilterTypeAO: 0
    m_PVREnvironmentMIS: 1
    m_PVRCulling: 1
    m_PVRFilteringGaussRadiusDirect: 1
    m_PVRFilteringGaussRadiusIndirect: 5
    m_PVRFilteringGaussRadiusAO: 2
    m_PVRFilteringAtrousPositionSigmaDirect: 0.5
    m_PVRFilteringAtrousPositionSigmaIndirect: 2
    m_PVRFilteringAtrousPositionSigmaAO: 1
    m_ExportTrainingData: 0
    m_TrainingDataDestination: TrainingData
    m_LightProbeSampleCountMultiplier: 4
  m_LightingDataAsset: {fileID: 0}
  m_LightingSettings: {fileID: 0}
--- !u!196 &4
NavMeshSettings:
  serializedVersion: 2
  m_ObjectHideFlags: 0
  m_BuildSettings:
    serializedVersion: 2
    agentTypeID: 0
    agentRadius: 0.5
    agentHeight: 2
    agentSlope: 45
    agentClimb: 0.4
    ledgeDropHeight: 0
    maxJumpAcrossDistance: 0
    minRegionArea: 2
    manualCellSize: 0
    cellSize: 0.16666667
    manualTileSize: 0
    tileSize: 256
    accuratePlacement: 0
    maxJobWorkers: 0
    preserveTilesOutsideBounds: 0
    debug:
      m_Flags: 0
  m_NavMeshData: {fileID: 0}
--- !u!4 &983302 stripped
Transform:
  m_CorrespondingSourceObject: {fileID: 400026, guid: 7d3425a6c7317e048be11c2ff72db69e, type: 3}
  m_PrefabInstance: {fileID: 1292796906}
  m_PrefabAsset: {fileID: 0}
--- !u!1 &30835415
GameObject:
  m_ObjectHideFlags: 0
  m_CorrespondingSourceObject: {fileID: 0}
  m_PrefabInstance: {fileID: 0}
  m_PrefabAsset: {fileID: 0}
  serializedVersion: 6
  m_Component:
  - component: {fileID: 30835418}
  - component: {fileID: 30835417}
  - component: {fileID: 30835416}
  m_Layer: 0
  m_Name: XR Rig
  m_TagString: Untagged
  m_Icon: {fileID: 0}
  m_NavMeshLayer: 0
  m_StaticEditorFlags: 0
  m_IsActive: 0
--- !u!114 &30835416
MonoBehaviour:
  m_ObjectHideFlags: 0
  m_CorrespondingSourceObject: {fileID: 0}
  m_PrefabInstance: {fileID: 0}
  m_PrefabAsset: {fileID: 0}
  m_GameObject: {fileID: 30835415}
  m_Enabled: 1
  m_EditorHideFlags: 0
  m_Script: {fileID: 11500000, guid: 017c5e3933235514c9520e1dace2a4b2, type: 3}
  m_Name: 
  m_EditorClassIdentifier: 
  m_ActionAssets:
  - {fileID: -944628639613478452, guid: c348712bda248c246b8c49b3db54643f, type: 3}
--- !u!114 &30835417
MonoBehaviour:
  m_ObjectHideFlags: 0
  m_CorrespondingSourceObject: {fileID: 0}
  m_PrefabInstance: {fileID: 0}
  m_PrefabAsset: {fileID: 0}
  m_GameObject: {fileID: 30835415}
  m_Enabled: 1
  m_EditorHideFlags: 0
  m_Script: {fileID: 11500000, guid: 7448815bd5148434682b3d931066cd10, type: 3}
  m_Name: 
  m_EditorClassIdentifier: 
  m_RigBaseGameObject: {fileID: 30835415}
  m_CameraFloorOffsetObject: {fileID: 637510290}
  m_CameraGameObject: {fileID: 607718910}
  m_RequestedTrackingOriginMode: 0
  m_CameraYOffset: 1.36144
  m_TrackingSpace: 3
  m_TrackingOriginMode: -2147483648
--- !u!4 &30835418
Transform:
  m_ObjectHideFlags: 0
  m_CorrespondingSourceObject: {fileID: 0}
  m_PrefabInstance: {fileID: 0}
  m_PrefabAsset: {fileID: 0}
  m_GameObject: {fileID: 30835415}
  m_LocalRotation: {x: 0, y: 0, z: 0, w: 1}
  m_LocalPosition: {x: 0, y: 0, z: 0}
  m_LocalScale: {x: 1, y: 1, z: 1}
  m_Children:
  - {fileID: 637510291}
  m_Father: {fileID: 0}
  m_RootOrder: 2
  m_LocalEulerAnglesHint: {x: 0, y: 0, z: 0}
--- !u!4 &102754035 stripped
Transform:
  m_CorrespondingSourceObject: {fileID: 400022, guid: 7d3425a6c7317e048be11c2ff72db69e, type: 3}
  m_PrefabInstance: {fileID: 1292796906}
  m_PrefabAsset: {fileID: 0}
--- !u!1 &115825328
GameObject:
  m_ObjectHideFlags: 0
  m_CorrespondingSourceObject: {fileID: 0}
  m_PrefabInstance: {fileID: 0}
  m_PrefabAsset: {fileID: 0}
  serializedVersion: 6
  m_Component:
  - component: {fileID: 115825329}
  - component: {fileID: 115825330}
  m_Layer: 0
  m_Name: IK_Hand_L
  m_TagString: Untagged
  m_Icon: {fileID: 0}
  m_NavMeshLayer: 0
  m_StaticEditorFlags: 0
  m_IsActive: 1
--- !u!4 &115825329
Transform:
  m_ObjectHideFlags: 0
  m_CorrespondingSourceObject: {fileID: 0}
  m_PrefabInstance: {fileID: 0}
  m_PrefabAsset: {fileID: 0}
  m_GameObject: {fileID: 115825328}
  m_LocalRotation: {x: 0, y: 0, z: 0, w: 1}
  m_LocalPosition: {x: 0, y: 0, z: 0}
  m_LocalScale: {x: 1, y: 1, z: 1}
  m_Children:
  - {fileID: 1361855774}
  - {fileID: 1847233015}
  m_Father: {fileID: 297959959}
  m_RootOrder: 1
  m_LocalEulerAnglesHint: {x: 0, y: 0, z: 0}
--- !u!114 &115825330
MonoBehaviour:
  m_ObjectHideFlags: 0
  m_CorrespondingSourceObject: {fileID: 0}
  m_PrefabInstance: {fileID: 0}
  m_PrefabAsset: {fileID: 0}
  m_GameObject: {fileID: 115825328}
  m_Enabled: 1
  m_EditorHideFlags: 0
  m_Script: {fileID: 11500000, guid: aeda7bfbf984f2a4da5ab4b8967b115d, type: 3}
  m_Name: 
  m_EditorClassIdentifier: 
  m_Weight: 1
  m_Data:
    m_Root: {fileID: 1347922644}
    m_Mid: {fileID: 653002627}
    m_Tip: {fileID: 1169136267}
    m_Target: {fileID: 1361855774}
    m_Hint: {fileID: 1847233015}
    m_TargetPositionWeight: 1
    m_TargetRotationWeight: 1
    m_HintWeight: 1
    m_MaintainTargetPositionOffset: 0
    m_MaintainTargetRotationOffset: 0
  m_SourceObjectsGUIToggle: 0
  m_SettingsGUIToggle: 0
--- !u!4 &140036011 stripped
Transform:
  m_CorrespondingSourceObject: {fileID: 400014, guid: 7d3425a6c7317e048be11c2ff72db69e, type: 3}
  m_PrefabInstance: {fileID: 1292796906}
  m_PrefabAsset: {fileID: 0}
--- !u!4 &186492012 stripped
Transform:
  m_CorrespondingSourceObject: {fileID: 400090, guid: 7d3425a6c7317e048be11c2ff72db69e, type: 3}
  m_PrefabInstance: {fileID: 1292796906}
  m_PrefabAsset: {fileID: 0}
--- !u!4 &189118836 stripped
Transform:
  m_CorrespondingSourceObject: {fileID: 400012, guid: 7d3425a6c7317e048be11c2ff72db69e, type: 3}
  m_PrefabInstance: {fileID: 1292796906}
  m_PrefabAsset: {fileID: 0}
--- !u!4 &205678036 stripped
Transform:
  m_CorrespondingSourceObject: {fileID: 400020, guid: 7d3425a6c7317e048be11c2ff72db69e, type: 3}
  m_PrefabInstance: {fileID: 1292796906}
  m_PrefabAsset: {fileID: 0}
--- !u!4 &221494151 stripped
Transform:
  m_CorrespondingSourceObject: {fileID: 400018, guid: 7d3425a6c7317e048be11c2ff72db69e, type: 3}
  m_PrefabInstance: {fileID: 1292796906}
  m_PrefabAsset: {fileID: 0}
--- !u!4 &258562269 stripped
Transform:
  m_CorrespondingSourceObject: {fileID: 400098, guid: 7d3425a6c7317e048be11c2ff72db69e, type: 3}
  m_PrefabInstance: {fileID: 1292796906}
  m_PrefabAsset: {fileID: 0}
--- !u!4 &283903767 stripped
Transform:
  m_CorrespondingSourceObject: {fileID: 400062, guid: 7d3425a6c7317e048be11c2ff72db69e, type: 3}
  m_PrefabInstance: {fileID: 1292796906}
  m_PrefabAsset: {fileID: 0}
--- !u!4 &297522273 stripped
Transform:
  m_CorrespondingSourceObject: {fileID: 400100, guid: 7d3425a6c7317e048be11c2ff72db69e, type: 3}
  m_PrefabInstance: {fileID: 1292796906}
  m_PrefabAsset: {fileID: 0}
--- !u!1 &297959957
GameObject:
  m_ObjectHideFlags: 0
  m_CorrespondingSourceObject: {fileID: 0}
  m_PrefabInstance: {fileID: 0}
  m_PrefabAsset: {fileID: 0}
  serializedVersion: 6
  m_Component:
  - component: {fileID: 297959959}
  - component: {fileID: 297959958}
  m_Layer: 0
  m_Name: Rig 1
  m_TagString: Untagged
  m_Icon: {fileID: 0}
  m_NavMeshLayer: 0
  m_StaticEditorFlags: 0
  m_IsActive: 1
--- !u!114 &297959958
MonoBehaviour:
  m_ObjectHideFlags: 0
  m_CorrespondingSourceObject: {fileID: 0}
  m_PrefabInstance: {fileID: 0}
  m_PrefabAsset: {fileID: 0}
  m_GameObject: {fileID: 297959957}
  m_Enabled: 1
  m_EditorHideFlags: 0
  m_Script: {fileID: 11500000, guid: 70b342d8ce5c2fd48b8fa3147d48d1d1, type: 3}
  m_Name: 
  m_EditorClassIdentifier: 
  m_Weight: 1
  m_Effectors: []
--- !u!4 &297959959
Transform:
  m_ObjectHideFlags: 0
  m_CorrespondingSourceObject: {fileID: 0}
  m_PrefabInstance: {fileID: 0}
  m_PrefabAsset: {fileID: 0}
  m_GameObject: {fileID: 297959957}
  m_LocalRotation: {x: -0, y: -0, z: -0, w: 1}
  m_LocalPosition: {x: 0, y: 0, z: 0}
  m_LocalScale: {x: 1, y: 1, z: 1}
  m_Children:
  - {fileID: 663430846}
  - {fileID: 115825329}
  - {fileID: 1149778461}
  m_Father: {fileID: 663103258}
  m_RootOrder: 2
  m_LocalEulerAnglesHint: {x: 0, y: 0, z: 0}
--- !u!4 &313695789 stripped
Transform:
  m_CorrespondingSourceObject: {fileID: 400096, guid: 7d3425a6c7317e048be11c2ff72db69e, type: 3}
  m_PrefabInstance: {fileID: 1292796906}
  m_PrefabAsset: {fileID: 0}
--- !u!1 &314073884
GameObject:
  m_ObjectHideFlags: 0
  m_CorrespondingSourceObject: {fileID: 0}
  m_PrefabInstance: {fileID: 0}
  m_PrefabAsset: {fileID: 0}
  serializedVersion: 6
  m_Component:
  - component: {fileID: 314073885}
  - component: {fileID: 314073886}
  m_Layer: 0
  m_Name: RightHand Controller
  m_TagString: Untagged
  m_Icon: {fileID: 0}
  m_NavMeshLayer: 0
  m_StaticEditorFlags: 0
  m_IsActive: 1
--- !u!4 &314073885
Transform:
  m_ObjectHideFlags: 0
  m_CorrespondingSourceObject: {fileID: 0}
  m_PrefabInstance: {fileID: 0}
  m_PrefabAsset: {fileID: 0}
  m_GameObject: {fileID: 314073884}
  m_LocalRotation: {x: 0, y: 0, z: 0, w: 1}
  m_LocalPosition: {x: 0, y: 0, z: 0}
  m_LocalScale: {x: 1, y: 1, z: 1}
  m_Children: []
  m_Father: {fileID: 637510291}
  m_RootOrder: 2
  m_LocalEulerAnglesHint: {x: 0, y: 0, z: 0}
--- !u!114 &314073886
MonoBehaviour:
  m_ObjectHideFlags: 0
  m_CorrespondingSourceObject: {fileID: 0}
  m_PrefabInstance: {fileID: 0}
  m_PrefabAsset: {fileID: 0}
  m_GameObject: {fileID: 314073884}
  m_Enabled: 1
  m_EditorHideFlags: 0
  m_Script: {fileID: 11500000, guid: caff514de9b15ad48ab85dcff5508221, type: 3}
  m_Name: 
  m_EditorClassIdentifier: 
  m_UpdateTrackingType: 0
  m_EnableInputTracking: 1
  m_EnableInputActions: 1
  m_ModelPrefab: {fileID: 0}
  m_ModelParent: {fileID: 0}
  m_Model: {fileID: 0}
  m_AnimateModel: 0
  m_ModelSelectTransition: 
  m_ModelDeSelectTransition: 
  m_PositionAction:
    m_UseReference: 1
    m_Action:
      m_Name: Position
      m_Type: 0
      m_ExpectedControlType: 
      m_Id: 93ead265-4bff-4199-8ddf-33c028dcfee9
      m_Processors: 
      m_Interactions: 
      m_SingletonActionBindings: []
    m_Reference: {fileID: -3326005586356538449, guid: c348712bda248c246b8c49b3db54643f, type: 3}
  m_RotationAction:
    m_UseReference: 1
    m_Action:
      m_Name: Rotation
      m_Type: 0
      m_ExpectedControlType: 
      m_Id: cd9a8368-32d3-4e58-86a0-6fe78d199369
      m_Processors: 
      m_Interactions: 
      m_SingletonActionBindings: []
    m_Reference: {fileID: 5101698808175986029, guid: c348712bda248c246b8c49b3db54643f, type: 3}
  m_SelectAction:
    m_UseReference: 1
    m_Action:
      m_Name: Select
      m_Type: 0
      m_ExpectedControlType: 
      m_Id: 3207346a-8b2f-4b24-b45a-90ea1cdef7fb
      m_Processors: 
      m_Interactions: 
      m_SingletonActionBindings: []
    m_Reference: {fileID: 187161793506945269, guid: c348712bda248c246b8c49b3db54643f, type: 3}
  m_ActivateAction:
    m_UseReference: 1
    m_Action:
      m_Name: Activate
      m_Type: 0
      m_ExpectedControlType: 
      m_Id: ed3be3cd-637e-48d6-ae4b-dd97305eaa40
      m_Processors: 
      m_Interactions: 
      m_SingletonActionBindings: []
    m_Reference: {fileID: 83097790271614945, guid: c348712bda248c246b8c49b3db54643f, type: 3}
  m_UIPressAction:
    m_UseReference: 1
    m_Action:
      m_Name: UI Press
      m_Type: 0
      m_ExpectedControlType: 
      m_Id: 55ce5c5d-aad8-4ebf-9f21-899ff595a062
      m_Processors: 
      m_Interactions: 
      m_SingletonActionBindings: []
    m_Reference: {fileID: 3279264004350380116, guid: c348712bda248c246b8c49b3db54643f, type: 3}
  m_HapticDeviceAction:
    m_UseReference: 1
    m_Action:
      m_Name: Haptic Device
      m_Type: 0
      m_ExpectedControlType: 
      m_Id: 60f81e0e-3fab-4e26-90b6-a5ab762e2bb1
      m_Processors: 
      m_Interactions: 
      m_SingletonActionBindings: []
    m_Reference: {fileID: -8222252007134549311, guid: c348712bda248c246b8c49b3db54643f, type: 3}
  m_RotateAnchorAction:
    m_UseReference: 1
    m_Action:
      m_Name: Rotate Anchor
      m_Type: 0
      m_ExpectedControlType: 
      m_Id: aca8fec0-a925-428d-a6b7-25cfbd478258
      m_Processors: 
      m_Interactions: 
      m_SingletonActionBindings: []
    m_Reference: {fileID: -5913262927076077117, guid: c348712bda248c246b8c49b3db54643f, type: 3}
  m_TranslateAnchorAction:
    m_UseReference: 1
    m_Action:
      m_Name: Translate Anchor
      m_Type: 0
      m_ExpectedControlType: 
      m_Id: 161874b5-2545-4bb2-bea4-eeddeb4fabf6
      m_Processors: 
      m_Interactions: 
      m_SingletonActionBindings: []
    m_Reference: {fileID: 875253871413052681, guid: c348712bda248c246b8c49b3db54643f, type: 3}
  m_ButtonPressPoint: 0.5
--- !u!4 &364623920 stripped
Transform:
  m_CorrespondingSourceObject: {fileID: 400044, guid: 7d3425a6c7317e048be11c2ff72db69e, type: 3}
  m_PrefabInstance: {fileID: 1292796906}
  m_PrefabAsset: {fileID: 0}
--- !u!4 &392314965 stripped
Transform:
  m_CorrespondingSourceObject: {fileID: 400086, guid: 7d3425a6c7317e048be11c2ff72db69e, type: 3}
  m_PrefabInstance: {fileID: 1292796906}
  m_PrefabAsset: {fileID: 0}
--- !u!4 &437124752 stripped
Transform:
  m_CorrespondingSourceObject: {fileID: 400076, guid: 7d3425a6c7317e048be11c2ff72db69e, type: 3}
  m_PrefabInstance: {fileID: 1292796906}
  m_PrefabAsset: {fileID: 0}
--- !u!4 &502774093 stripped
Transform:
  m_CorrespondingSourceObject: {fileID: 400078, guid: 7d3425a6c7317e048be11c2ff72db69e, type: 3}
  m_PrefabInstance: {fileID: 1292796906}
  m_PrefabAsset: {fileID: 0}
--- !u!1 &553676564
GameObject:
  m_ObjectHideFlags: 0
  m_CorrespondingSourceObject: {fileID: 0}
  m_PrefabInstance: {fileID: 0}
  m_PrefabAsset: {fileID: 0}
  serializedVersion: 6
  m_Component:
  - component: {fileID: 553676566}
  - component: {fileID: 553676565}
  m_Layer: 0
  m_Name: Directional Light
  m_TagString: Untagged
  m_Icon: {fileID: 0}
  m_NavMeshLayer: 0
  m_StaticEditorFlags: 0
  m_IsActive: 1
--- !u!108 &553676565
Light:
  m_ObjectHideFlags: 0
  m_CorrespondingSourceObject: {fileID: 0}
  m_PrefabInstance: {fileID: 0}
  m_PrefabAsset: {fileID: 0}
  m_GameObject: {fileID: 553676564}
  m_Enabled: 1
  serializedVersion: 10
  m_Type: 1
  m_Shape: 0
  m_Color: {r: 1, g: 0.95686275, b: 0.8392157, a: 1}
  m_Intensity: 1
  m_Range: 10
  m_SpotAngle: 30
  m_InnerSpotAngle: 21.80208
  m_CookieSize: 10
  m_Shadows:
    m_Type: 2
    m_Resolution: -1
    m_CustomResolution: -1
    m_Strength: 1
    m_Bias: 0.05
    m_NormalBias: 0.4
    m_NearPlane: 0.2
    m_CullingMatrixOverride:
      e00: 1
      e01: 0
      e02: 0
      e03: 0
      e10: 0
      e11: 1
      e12: 0
      e13: 0
      e20: 0
      e21: 0
      e22: 1
      e23: 0
      e30: 0
      e31: 0
      e32: 0
      e33: 1
    m_UseCullingMatrixOverride: 0
  m_Cookie: {fileID: 0}
  m_DrawHalo: 0
  m_Flare: {fileID: 0}
  m_RenderMode: 0
  m_CullingMask:
    serializedVersion: 2
    m_Bits: 4294967295
  m_RenderingLayerMask: 1
  m_Lightmapping: 4
  m_LightShadowCasterMode: 0
  m_AreaSize: {x: 1, y: 1}
  m_BounceIntensity: 1
  m_ColorTemperature: 6570
  m_UseColorTemperature: 0
  m_BoundingSphereOverride: {x: 0, y: 0, z: 0, w: 0}
  m_UseBoundingSphereOverride: 0
  m_UseViewFrustumForShadowCasterCull: 1
  m_ShadowRadius: 0
  m_ShadowAngle: 0
--- !u!4 &553676566
Transform:
  m_ObjectHideFlags: 0
  m_CorrespondingSourceObject: {fileID: 0}
  m_PrefabInstance: {fileID: 0}
  m_PrefabAsset: {fileID: 0}
  m_GameObject: {fileID: 553676564}
  m_LocalRotation: {x: 0.40821788, y: -0.23456968, z: 0.10938163, w: 0.8754261}
  m_LocalPosition: {x: 0, y: 3, z: 0}
  m_LocalScale: {x: 1, y: 1, z: 1}
  m_Children: []
  m_Father: {fileID: 0}
  m_RootOrder: 0
  m_LocalEulerAnglesHint: {x: 50, y: -30, z: 0}
--- !u!4 &586486597 stripped
Transform:
  m_CorrespondingSourceObject: {fileID: 400068, guid: 7d3425a6c7317e048be11c2ff72db69e, type: 3}
  m_PrefabInstance: {fileID: 1292796906}
  m_PrefabAsset: {fileID: 0}
--- !u!1 &607718910
GameObject:
  m_ObjectHideFlags: 0
  m_CorrespondingSourceObject: {fileID: 0}
  m_PrefabInstance: {fileID: 0}
  m_PrefabAsset: {fileID: 0}
  serializedVersion: 6
  m_Component:
  - component: {fileID: 607718913}
  - component: {fileID: 607718912}
  - component: {fileID: 607718911}
  - component: {fileID: 607718914}
  m_Layer: 0
  m_Name: Main Camera
  m_TagString: MainCamera
  m_Icon: {fileID: 0}
  m_NavMeshLayer: 0
  m_StaticEditorFlags: 0
  m_IsActive: 1
--- !u!81 &607718911
AudioListener:
  m_ObjectHideFlags: 0
  m_CorrespondingSourceObject: {fileID: 0}
  m_PrefabInstance: {fileID: 0}
  m_PrefabAsset: {fileID: 0}
  m_GameObject: {fileID: 607718910}
  m_Enabled: 1
--- !u!20 &607718912
Camera:
  m_ObjectHideFlags: 0
  m_CorrespondingSourceObject: {fileID: 0}
  m_PrefabInstance: {fileID: 0}
  m_PrefabAsset: {fileID: 0}
  m_GameObject: {fileID: 607718910}
  m_Enabled: 1
  serializedVersion: 2
  m_ClearFlags: 1
  m_BackGroundColor: {r: 0.19215687, g: 0.3019608, b: 0.4745098, a: 0}
  m_projectionMatrixMode: 1
  m_GateFitMode: 2
  m_FOVAxisMode: 0
  m_SensorSize: {x: 36, y: 24}
  m_LensShift: {x: 0, y: 0}
  m_FocalLength: 50
  m_NormalizedViewPortRect:
    serializedVersion: 2
    x: 0
    y: 0
    width: 1
    height: 1
  near clip plane: 0.01
  far clip plane: 1000
  field of view: 60
  orthographic: 0
  orthographic size: 5
  m_Depth: -1
  m_CullingMask:
    serializedVersion: 2
    m_Bits: 4294967295
  m_RenderingPath: -1
  m_TargetTexture: {fileID: 0}
  m_TargetDisplay: 0
  m_TargetEye: 3
  m_HDR: 1
  m_AllowMSAA: 1
  m_AllowDynamicResolution: 0
  m_ForceIntoRT: 0
  m_OcclusionCulling: 1
  m_StereoConvergence: 10
  m_StereoSeparation: 0.022
--- !u!4 &607718913
Transform:
  m_ObjectHideFlags: 0
  m_CorrespondingSourceObject: {fileID: 0}
  m_PrefabInstance: {fileID: 0}
  m_PrefabAsset: {fileID: 0}
  m_GameObject: {fileID: 607718910}
  m_LocalRotation: {x: 0, y: 0, z: 0, w: 1}
  m_LocalPosition: {x: 0, y: 0, z: 0}
  m_LocalScale: {x: 1, y: 1, z: 1}
  m_Children: []
  m_Father: {fileID: 637510291}
  m_RootOrder: 0
  m_LocalEulerAnglesHint: {x: 0, y: 0, z: 0}
--- !u!114 &607718914
MonoBehaviour:
  m_ObjectHideFlags: 0
  m_CorrespondingSourceObject: {fileID: 0}
  m_PrefabInstance: {fileID: 0}
  m_PrefabAsset: {fileID: 0}
  m_GameObject: {fileID: 607718910}
  m_Enabled: 1
  m_EditorHideFlags: 0
  m_Script: {fileID: 11500000, guid: c2fadf230d1919748a9aa21d40f74619, type: 3}
  m_Name: 
  m_EditorClassIdentifier: 
  m_TrackingType: 0
  m_UpdateType: 0
  m_PositionAction:
    m_Name: Main Camera - TPD - Position
    m_Type: 0
    m_ExpectedControlType: Vector3
    m_Id: 
    m_Processors: 
    m_Interactions: 
    m_SingletonActionBindings:
    - m_Name: 
      m_Id: 
      m_Path: <XRHMD>/centerEyePosition
      m_Interactions: 
      m_Processors: 
      m_Groups: 
      m_Action: Main Camera - TPD - Position
      m_Flags: 0
  m_RotationAction:
    m_Name: Main Camera - TPD - Rotation
    m_Type: 0
    m_ExpectedControlType: Quaternion
    m_Id: 
    m_Processors: 
    m_Interactions: 
    m_SingletonActionBindings:
    - m_Name: 
      m_Id: 
      m_Path: <XRHMD>/centerEyeRotation
      m_Interactions: 
      m_Processors: 
      m_Groups: 
      m_Action: Main Camera - TPD - Rotation
      m_Flags: 0
--- !u!1 &637510290
GameObject:
  m_ObjectHideFlags: 0
  m_CorrespondingSourceObject: {fileID: 0}
  m_PrefabInstance: {fileID: 0}
  m_PrefabAsset: {fileID: 0}
  serializedVersion: 6
  m_Component:
  - component: {fileID: 637510291}
  m_Layer: 0
  m_Name: Camera Offset
  m_TagString: Untagged
  m_Icon: {fileID: 0}
  m_NavMeshLayer: 0
  m_StaticEditorFlags: 0
  m_IsActive: 1
--- !u!4 &637510291
Transform:
  m_ObjectHideFlags: 0
  m_CorrespondingSourceObject: {fileID: 0}
  m_PrefabInstance: {fileID: 0}
  m_PrefabAsset: {fileID: 0}
  m_GameObject: {fileID: 637510290}
  m_LocalRotation: {x: 0, y: 0, z: 0, w: 1}
  m_LocalPosition: {x: 0, y: 0, z: 0}
  m_LocalScale: {x: 1, y: 1, z: 1}
  m_Children:
  - {fileID: 607718913}
  - {fileID: 1870213613}
  - {fileID: 314073885}
  m_Father: {fileID: 30835418}
  m_RootOrder: 0
  m_LocalEulerAnglesHint: {x: 0, y: 0, z: 0}
--- !u!4 &653002627 stripped
Transform:
  m_CorrespondingSourceObject: {fileID: 400040, guid: 7d3425a6c7317e048be11c2ff72db69e, type: 3}
  m_PrefabInstance: {fileID: 1292796906}
  m_PrefabAsset: {fileID: 0}
--- !u!1 &657686880
GameObject:
  m_ObjectHideFlags: 0
  m_CorrespondingSourceObject: {fileID: 0}
  m_PrefabInstance: {fileID: 0}
  m_PrefabAsset: {fileID: 0}
  serializedVersion: 6
  m_Component:
  - component: {fileID: 657686881}
  m_Layer: 0
  m_Name: IK_Head_Target
  m_TagString: Untagged
  m_Icon: {fileID: 0}
  m_NavMeshLayer: 0
  m_StaticEditorFlags: 0
  m_IsActive: 1
--- !u!4 &657686881
Transform:
  m_ObjectHideFlags: 0
  m_CorrespondingSourceObject: {fileID: 0}
  m_PrefabInstance: {fileID: 0}
  m_PrefabAsset: {fileID: 0}
  m_GameObject: {fileID: 657686880}
  m_LocalRotation: {x: -0.58135116, y: 0.4025299, z: 0.5813508, w: -0.40253168}
  m_LocalPosition: {x: -0.0000009387731, y: 1.7369666, z: 0.024588346}
  m_LocalScale: {x: 1, y: 1, z: 1}
  m_Children: []
  m_Father: {fileID: 1149778461}
  m_RootOrder: 0
  m_LocalEulerAnglesHint: {x: 0, y: 0, z: 0}
--- !u!4 &658116121 stripped
Transform:
  m_CorrespondingSourceObject: {fileID: 400102, guid: 7d3425a6c7317e048be11c2ff72db69e, type: 3}
  m_PrefabInstance: {fileID: 1292796906}
  m_PrefabAsset: {fileID: 0}
--- !u!1 &663103254 stripped
GameObject:
  m_CorrespondingSourceObject: {fileID: 100108, guid: 7d3425a6c7317e048be11c2ff72db69e, type: 3}
  m_PrefabInstance: {fileID: 1292796906}
  m_PrefabAsset: {fileID: 0}
--- !u!114 &663103255
MonoBehaviour:
  m_ObjectHideFlags: 0
  m_CorrespondingSourceObject: {fileID: 0}
  m_PrefabInstance: {fileID: 0}
  m_PrefabAsset: {fileID: 0}
  m_GameObject: {fileID: 663103254}
  m_Enabled: 1
  m_EditorHideFlags: 0
  m_Script: {fileID: 11500000, guid: fff0960ef4ea6e04eac66b4a7fd2189d, type: 3}
  m_Name: 
  m_EditorClassIdentifier: 
  m_RigLayers:
  - m_Rig: {fileID: 297959958}
    m_Active: 1
  m_Effectors: []
--- !u!114 &663103256
MonoBehaviour:
  m_ObjectHideFlags: 0
  m_CorrespondingSourceObject: {fileID: 0}
  m_PrefabInstance: {fileID: 0}
  m_PrefabAsset: {fileID: 0}
  m_GameObject: {fileID: 663103254}
  m_Enabled: 1
  m_EditorHideFlags: 0
  m_Script: {fileID: 11500000, guid: b2d8418b0b9634b1892b0268dd9c2743, type: 3}
  m_Name: 
  m_EditorClassIdentifier: 
  boneShape: 1
  drawBones: 1
  drawTripods: 0
  boneSize: 1
  tripodSize: 1
  boneColor: {r: 0, g: 0, b: 1, a: 0.5}
  m_Transforms:
  - {fileID: 297522273}
  - {fileID: 364623920}
  - {fileID: 1430025004}
  - {fileID: 658116121}
  - {fileID: 1050816913}
  - {fileID: 1253411025}
  - {fileID: 1186113892}
  - {fileID: 1203689792}
  - {fileID: 258562269}
  - {fileID: 1406495231}
  - {fileID: 1347922644}
  - {fileID: 1719621752}
  - {fileID: 653002627}
  - {fileID: 1169136267}
  - {fileID: 1412093646}
  - {fileID: 1625904486}
  - {fileID: 140036011}
  - {fileID: 2071595610}
  - {fileID: 205678036}
  - {fileID: 102754035}
  - {fileID: 221494151}
  - {fileID: 189118836}
  - {fileID: 983302}
  - {fileID: 1820776157}
  - {fileID: 1357944864}
  - {fileID: 1938859612}
  - {fileID: 2104187570}
  - {fileID: 945289031}
  - {fileID: 1017084748}
  - {fileID: 1057991942}
  - {fileID: 1260302376}
  - {fileID: 2127323729}
  - {fileID: 186492012}
  - {fileID: 1481790143}
  - {fileID: 1429596476}
  - {fileID: 812475834}
  - {fileID: 1990873230}
  - {fileID: 1645250460}
  - {fileID: 313695789}
  - {fileID: 760365930}
  - {fileID: 714878530}
  - {fileID: 882466283}
  - {fileID: 2073030000}
  - {fileID: 586486597}
  - {fileID: 283903767}
  - {fileID: 437124752}
  - {fileID: 502774093}
  - {fileID: 1077445032}
  - {fileID: 2110026072}
  - {fileID: 1713666363}
  - {fileID: 885399688}
  - {fileID: 392314965}
--- !u!4 &663103258 stripped
Transform:
  m_CorrespondingSourceObject: {fileID: 400108, guid: 7d3425a6c7317e048be11c2ff72db69e, type: 3}
  m_PrefabInstance: {fileID: 1292796906}
  m_PrefabAsset: {fileID: 0}
--- !u!1 &663430845
GameObject:
  m_ObjectHideFlags: 0
  m_CorrespondingSourceObject: {fileID: 0}
  m_PrefabInstance: {fileID: 0}
  m_PrefabAsset: {fileID: 0}
  serializedVersion: 6
  m_Component:
  - component: {fileID: 663430846}
  - component: {fileID: 663430847}
  m_Layer: 0
  m_Name: IK_Hand_R
  m_TagString: Untagged
  m_Icon: {fileID: 0}
  m_NavMeshLayer: 0
  m_StaticEditorFlags: 0
  m_IsActive: 1
--- !u!4 &663430846
Transform:
  m_ObjectHideFlags: 0
  m_CorrespondingSourceObject: {fileID: 0}
  m_PrefabInstance: {fileID: 0}
  m_PrefabAsset: {fileID: 0}
  m_GameObject: {fileID: 663430845}
  m_LocalRotation: {x: 0, y: 0, z: 0, w: 1}
  m_LocalPosition: {x: 0, y: 0, z: 0}
  m_LocalScale: {x: 1, y: 1, z: 1}
  m_Children:
  - {fileID: 1336734325}
  - {fileID: 1312956538}
  m_Father: {fileID: 297959959}
  m_RootOrder: 0
  m_LocalEulerAnglesHint: {x: 0, y: 0, z: 0}
--- !u!114 &663430847
MonoBehaviour:
  m_ObjectHideFlags: 0
  m_CorrespondingSourceObject: {fileID: 0}
  m_PrefabInstance: {fileID: 0}
  m_PrefabAsset: {fileID: 0}
  m_GameObject: {fileID: 663430845}
  m_Enabled: 1
  m_EditorHideFlags: 0
  m_Script: {fileID: 11500000, guid: aeda7bfbf984f2a4da5ab4b8967b115d, type: 3}
  m_Name: 
  m_EditorClassIdentifier: 
  m_Weight: 1
  m_Data:
    m_Root: {fileID: 258562269}
    m_Mid: {fileID: 186492012}
    m_Tip: {fileID: 1481790143}
    m_Target: {fileID: 1336734325}
    m_Hint: {fileID: 1312956538}
    m_TargetPositionWeight: 1
    m_TargetRotationWeight: 1
    m_HintWeight: 1
    m_MaintainTargetPositionOffset: 0
    m_MaintainTargetRotationOffset: 0
  m_SourceObjectsGUIToggle: 1
  m_SettingsGUIToggle: 0
--- !u!4 &714878530 stripped
Transform:
  m_CorrespondingSourceObject: {fileID: 400066, guid: 7d3425a6c7317e048be11c2ff72db69e, type: 3}
  m_PrefabInstance: {fileID: 1292796906}
  m_PrefabAsset: {fileID: 0}
--- !u!4 &760365930 stripped
Transform:
  m_CorrespondingSourceObject: {fileID: 400064, guid: 7d3425a6c7317e048be11c2ff72db69e, type: 3}
  m_PrefabInstance: {fileID: 1292796906}
  m_PrefabAsset: {fileID: 0}
--- !u!4 &812475834 stripped
Transform:
  m_CorrespondingSourceObject: {fileID: 400060, guid: 7d3425a6c7317e048be11c2ff72db69e, type: 3}
  m_PrefabInstance: {fileID: 1292796906}
  m_PrefabAsset: {fileID: 0}
--- !u!4 &882466283 stripped
Transform:
  m_CorrespondingSourceObject: {fileID: 400070, guid: 7d3425a6c7317e048be11c2ff72db69e, type: 3}
  m_PrefabInstance: {fileID: 1292796906}
  m_PrefabAsset: {fileID: 0}
--- !u!4 &885399688 stripped
Transform:
  m_CorrespondingSourceObject: {fileID: 400080, guid: 7d3425a6c7317e048be11c2ff72db69e, type: 3}
  m_PrefabInstance: {fileID: 1292796906}
  m_PrefabAsset: {fileID: 0}
--- !u!4 &945289031 stripped
Transform:
  m_CorrespondingSourceObject: {fileID: 400030, guid: 7d3425a6c7317e048be11c2ff72db69e, type: 3}
  m_PrefabInstance: {fileID: 1292796906}
  m_PrefabAsset: {fileID: 0}
--- !u!1 &996862869
GameObject:
  m_ObjectHideFlags: 0
  m_CorrespondingSourceObject: {fileID: 0}
  m_PrefabInstance: {fileID: 0}
  m_PrefabAsset: {fileID: 0}
  serializedVersion: 6
  m_Component:
  - component: {fileID: 996862873}
  - component: {fileID: 996862872}
  - component: {fileID: 996862871}
  - component: {fileID: 996862870}
  m_Layer: 0
  m_Name: Plane
  m_TagString: Untagged
  m_Icon: {fileID: 0}
  m_NavMeshLayer: 0
  m_StaticEditorFlags: 0
  m_IsActive: 1
--- !u!64 &996862870
MeshCollider:
  m_ObjectHideFlags: 0
  m_CorrespondingSourceObject: {fileID: 0}
  m_PrefabInstance: {fileID: 0}
  m_PrefabAsset: {fileID: 0}
  m_GameObject: {fileID: 996862869}
  m_Material: {fileID: 0}
  m_IsTrigger: 0
  m_Enabled: 1
  serializedVersion: 4
  m_Convex: 0
  m_CookingOptions: 30
  m_Mesh: {fileID: 10209, guid: 0000000000000000e000000000000000, type: 0}
--- !u!23 &996862871
MeshRenderer:
  m_ObjectHideFlags: 0
  m_CorrespondingSourceObject: {fileID: 0}
  m_PrefabInstance: {fileID: 0}
  m_PrefabAsset: {fileID: 0}
  m_GameObject: {fileID: 996862869}
  m_Enabled: 1
  m_CastShadows: 1
  m_ReceiveShadows: 1
  m_DynamicOccludee: 1
  m_StaticShadowCaster: 0
  m_MotionVectors: 1
  m_LightProbeUsage: 1
  m_ReflectionProbeUsage: 1
  m_RayTracingMode: 2
  m_RayTraceProcedural: 0
  m_RenderingLayerMask: 1
  m_RendererPriority: 0
  m_Materials:
  - {fileID: 10303, guid: 0000000000000000f000000000000000, type: 0}
  m_StaticBatchInfo:
    firstSubMesh: 0
    subMeshCount: 0
  m_StaticBatchRoot: {fileID: 0}
  m_ProbeAnchor: {fileID: 0}
  m_LightProbeVolumeOverride: {fileID: 0}
  m_ScaleInLightmap: 1
  m_ReceiveGI: 1
  m_PreserveUVs: 0
  m_IgnoreNormalsForChartDetection: 0
  m_ImportantGI: 0
  m_StitchLightmapSeams: 1
  m_SelectedEditorRenderState: 3
  m_MinimumChartSize: 4
  m_AutoUVMaxDistance: 0.5
  m_AutoUVMaxAngle: 89
  m_LightmapParameters: {fileID: 0}
  m_SortingLayerID: 0
  m_SortingLayer: 0
  m_SortingOrder: 0
  m_AdditionalVertexStreams: {fileID: 0}
--- !u!33 &996862872
MeshFilter:
  m_ObjectHideFlags: 0
  m_CorrespondingSourceObject: {fileID: 0}
  m_PrefabInstance: {fileID: 0}
  m_PrefabAsset: {fileID: 0}
  m_GameObject: {fileID: 996862869}
  m_Mesh: {fileID: 10209, guid: 0000000000000000e000000000000000, type: 0}
--- !u!4 &996862873
Transform:
  m_ObjectHideFlags: 0
  m_CorrespondingSourceObject: {fileID: 0}
  m_PrefabInstance: {fileID: 0}
  m_PrefabAsset: {fileID: 0}
  m_GameObject: {fileID: 996862869}
  m_LocalRotation: {x: 0, y: 0, z: 0, w: 1}
  m_LocalPosition: {x: 0, y: 0, z: 0}
  m_LocalScale: {x: 1, y: 1, z: 1}
  m_Children: []
  m_Father: {fileID: 0}
  m_RootOrder: 4
  m_LocalEulerAnglesHint: {x: 0, y: 0, z: 0}
--- !u!4 &1017084748 stripped
Transform:
  m_CorrespondingSourceObject: {fileID: 400036, guid: 7d3425a6c7317e048be11c2ff72db69e, type: 3}
  m_PrefabInstance: {fileID: 1292796906}
  m_PrefabAsset: {fileID: 0}
--- !u!4 &1050816913 stripped
Transform:
  m_CorrespondingSourceObject: {fileID: 400052, guid: 7d3425a6c7317e048be11c2ff72db69e, type: 3}
  m_PrefabInstance: {fileID: 1292796906}
  m_PrefabAsset: {fileID: 0}
--- !u!4 &1057991942 stripped
Transform:
  m_CorrespondingSourceObject: {fileID: 400004, guid: 7d3425a6c7317e048be11c2ff72db69e, type: 3}
  m_PrefabInstance: {fileID: 1292796906}
  m_PrefabAsset: {fileID: 0}
--- !u!1 &1058917417
GameObject:
  m_ObjectHideFlags: 0
  m_CorrespondingSourceObject: {fileID: 0}
  m_PrefabInstance: {fileID: 0}
  m_PrefabAsset: {fileID: 0}
  serializedVersion: 6
  m_Component:
  - component: {fileID: 1058917419}
  - component: {fileID: 1058917418}
  m_Layer: 0
  m_Name: XR Interaction Manager
  m_TagString: Untagged
  m_Icon: {fileID: 0}
  m_NavMeshLayer: 0
  m_StaticEditorFlags: 0
  m_IsActive: 0
--- !u!114 &1058917418
MonoBehaviour:
  m_ObjectHideFlags: 0
  m_CorrespondingSourceObject: {fileID: 0}
  m_PrefabInstance: {fileID: 0}
  m_PrefabAsset: {fileID: 0}
  m_GameObject: {fileID: 1058917417}
  m_Enabled: 1
  m_EditorHideFlags: 0
  m_Script: {fileID: 11500000, guid: 83e4e6cca11330d4088d729ab4fc9d9f, type: 3}
  m_Name: 
  m_EditorClassIdentifier: 
--- !u!4 &1058917419
Transform:
  m_ObjectHideFlags: 0
  m_CorrespondingSourceObject: {fileID: 0}
  m_PrefabInstance: {fileID: 0}
  m_PrefabAsset: {fileID: 0}
  m_GameObject: {fileID: 1058917417}
  m_LocalRotation: {x: 0, y: 0, z: 0, w: 1}
  m_LocalPosition: {x: 0.07600713, y: 5.676595, z: -0.019999743}
  m_LocalScale: {x: 1, y: 1, z: 1}
  m_Children: []
  m_Father: {fileID: 0}
  m_RootOrder: 1
  m_LocalEulerAnglesHint: {x: 0, y: 0, z: 0}
--- !u!4 &1077445032 stripped
Transform:
  m_CorrespondingSourceObject: {fileID: 400074, guid: 7d3425a6c7317e048be11c2ff72db69e, type: 3}
  m_PrefabInstance: {fileID: 1292796906}
  m_PrefabAsset: {fileID: 0}
--- !u!1 &1149778460
GameObject:
  m_ObjectHideFlags: 0
  m_CorrespondingSourceObject: {fileID: 0}
  m_PrefabInstance: {fileID: 0}
  m_PrefabAsset: {fileID: 0}
  serializedVersion: 6
  m_Component:
  - component: {fileID: 1149778461}
  - component: {fileID: 1149778462}
  m_Layer: 0
  m_Name: IK_Head
  m_TagString: Untagged
  m_Icon: {fileID: 0}
  m_NavMeshLayer: 0
  m_StaticEditorFlags: 0
  m_IsActive: 1
--- !u!4 &1149778461
Transform:
  m_ObjectHideFlags: 0
  m_CorrespondingSourceObject: {fileID: 0}
  m_PrefabInstance: {fileID: 0}
  m_PrefabAsset: {fileID: 0}
  m_GameObject: {fileID: 1149778460}
  m_LocalRotation: {x: 0, y: 0, z: 0, w: 1}
  m_LocalPosition: {x: 0, y: 0, z: 0}
  m_LocalScale: {x: 1, y: 1, z: 1}
  m_Children:
  - {fileID: 657686881}
  m_Father: {fileID: 297959959}
  m_RootOrder: 2
  m_LocalEulerAnglesHint: {x: 0, y: 0, z: 0}
--- !u!114 &1149778462
MonoBehaviour:
  m_ObjectHideFlags: 0
  m_CorrespondingSourceObject: {fileID: 0}
  m_PrefabInstance: {fileID: 0}
  m_PrefabAsset: {fileID: 0}
  m_GameObject: {fileID: 1149778460}
  m_Enabled: 1
  m_EditorHideFlags: 0
  m_Script: {fileID: 11500000, guid: 8935e03361a14ec4b8edc872f76bc822, type: 3}
  m_Name: 
  m_EditorClassIdentifier: 
  m_Weight: 1
  m_Data:
    m_ConstrainedObject: {fileID: 1719621752}
    m_SourceObjects:
      m_Length: 1
      m_Item0:
        transform: {fileID: 657686881}
        weight: 1
      m_Item1:
        transform: {fileID: 0}
        weight: 0
      m_Item2:
        transform: {fileID: 0}
        weight: 0
      m_Item3:
        transform: {fileID: 0}
        weight: 0
      m_Item4:
        transform: {fileID: 0}
        weight: 0
      m_Item5:
        transform: {fileID: 0}
        weight: 0
      m_Item6:
        transform: {fileID: 0}
        weight: 0
      m_Item7:
        transform: {fileID: 0}
        weight: 0
    m_ConstrainedPositionAxes:
      x: 1
      y: 1
      z: 1
    m_ConstrainedRotationAxes:
      x: 1
      y: 1
      z: 1
    m_MaintainPositionOffset: 0
    m_MaintainRotationOffset: 0
  m_SourceObjectsGUIToggle: 1
  m_SettingsGUIToggle: 0
--- !u!4 &1169136267 stripped
Transform:
  m_CorrespondingSourceObject: {fileID: 400042, guid: 7d3425a6c7317e048be11c2ff72db69e, type: 3}
  m_PrefabInstance: {fileID: 1292796906}
  m_PrefabAsset: {fileID: 0}
--- !u!4 &1186113892 stripped
Transform:
  m_CorrespondingSourceObject: {fileID: 400050, guid: 7d3425a6c7317e048be11c2ff72db69e, type: 3}
  m_PrefabInstance: {fileID: 1292796906}
  m_PrefabAsset: {fileID: 0}
--- !u!4 &1203689792 stripped
Transform:
  m_CorrespondingSourceObject: {fileID: 400056, guid: 7d3425a6c7317e048be11c2ff72db69e, type: 3}
  m_PrefabInstance: {fileID: 1292796906}
  m_PrefabAsset: {fileID: 0}
--- !u!4 &1253411025 stripped
Transform:
  m_CorrespondingSourceObject: {fileID: 400104, guid: 7d3425a6c7317e048be11c2ff72db69e, type: 3}
  m_PrefabInstance: {fileID: 1292796906}
  m_PrefabAsset: {fileID: 0}
--- !u!4 &1260302376 stripped
Transform:
  m_CorrespondingSourceObject: {fileID: 400038, guid: 7d3425a6c7317e048be11c2ff72db69e, type: 3}
  m_PrefabInstance: {fileID: 1292796906}
  m_PrefabAsset: {fileID: 0}
--- !u!1001 &1292796906
PrefabInstance:
  m_ObjectHideFlags: 0
  serializedVersion: 2
  m_Modification:
    m_TransformParent: {fileID: 0}
    m_Modifications:
    - target: {fileID: 100108, guid: 7d3425a6c7317e048be11c2ff72db69e, type: 3}
      propertyPath: m_Name
      value: Character
      objectReference: {fileID: 0}
    - target: {fileID: 400108, guid: 7d3425a6c7317e048be11c2ff72db69e, type: 3}
      propertyPath: m_RootOrder
      value: 3
      objectReference: {fileID: 0}
    - target: {fileID: 400108, guid: 7d3425a6c7317e048be11c2ff72db69e, type: 3}
      propertyPath: m_LocalPosition.x
      value: 0
      objectReference: {fileID: 0}
    - target: {fileID: 400108, guid: 7d3425a6c7317e048be11c2ff72db69e, type: 3}
      propertyPath: m_LocalPosition.y
      value: 0
      objectReference: {fileID: 0}
    - target: {fileID: 400108, guid: 7d3425a6c7317e048be11c2ff72db69e, type: 3}
      propertyPath: m_LocalPosition.z
      value: 0
      objectReference: {fileID: 0}
    - target: {fileID: 400108, guid: 7d3425a6c7317e048be11c2ff72db69e, type: 3}
      propertyPath: m_LocalRotation.w
      value: 1
      objectReference: {fileID: 0}
    - target: {fileID: 400108, guid: 7d3425a6c7317e048be11c2ff72db69e, type: 3}
      propertyPath: m_LocalRotation.x
      value: 0
      objectReference: {fileID: 0}
    - target: {fileID: 400108, guid: 7d3425a6c7317e048be11c2ff72db69e, type: 3}
      propertyPath: m_LocalRotation.y
      value: 0
      objectReference: {fileID: 0}
    - target: {fileID: 400108, guid: 7d3425a6c7317e048be11c2ff72db69e, type: 3}
      propertyPath: m_LocalRotation.z
      value: 0
      objectReference: {fileID: 0}
    - target: {fileID: 400108, guid: 7d3425a6c7317e048be11c2ff72db69e, type: 3}
      propertyPath: m_LocalEulerAnglesHint.x
      value: 0
      objectReference: {fileID: 0}
    - target: {fileID: 400108, guid: 7d3425a6c7317e048be11c2ff72db69e, type: 3}
      propertyPath: m_LocalEulerAnglesHint.y
      value: 0
      objectReference: {fileID: 0}
    - target: {fileID: 400108, guid: 7d3425a6c7317e048be11c2ff72db69e, type: 3}
      propertyPath: m_LocalEulerAnglesHint.z
      value: 0
      objectReference: {fileID: 0}
    m_RemovedComponents: []
  m_SourcePrefab: {fileID: 100100000, guid: 7d3425a6c7317e048be11c2ff72db69e, type: 3}
--- !u!1 &1312956537
GameObject:
  m_ObjectHideFlags: 0
  m_CorrespondingSourceObject: {fileID: 0}
  m_PrefabInstance: {fileID: 0}
  m_PrefabAsset: {fileID: 0}
  serializedVersion: 6
  m_Component:
  - component: {fileID: 1312956538}
  m_Layer: 0
  m_Name: IK_Hand_R_hint
  m_TagString: Untagged
  m_Icon: {fileID: 0}
  m_NavMeshLayer: 0
  m_StaticEditorFlags: 0
  m_IsActive: 1
--- !u!4 &1312956538
Transform:
  m_ObjectHideFlags: 0
  m_CorrespondingSourceObject: {fileID: 0}
  m_PrefabInstance: {fileID: 0}
  m_PrefabAsset: {fileID: 0}
  m_GameObject: {fileID: 1312956537}
  m_LocalRotation: {x: 0.42888314, y: 0.5858354, z: -0.6479377, w: -0.23028877}
  m_LocalPosition: {x: 0.397833, y: 1.283, z: -0.156}
  m_LocalScale: {x: 0.1, y: 0.1, z: 0.1}
  m_Children: []
  m_Father: {fileID: 663430846}
  m_RootOrder: 1
  m_LocalEulerAnglesHint: {x: 0, y: 0, z: 0}
--- !u!1 &1336734324
GameObject:
  m_ObjectHideFlags: 0
  m_CorrespondingSourceObject: {fileID: 0}
  m_PrefabInstance: {fileID: 0}
  m_PrefabAsset: {fileID: 0}
  serializedVersion: 6
  m_Component:
  - component: {fileID: 1336734325}
  m_Layer: 0
  m_Name: IK_Hand_R_target
  m_TagString: Untagged
  m_Icon: {fileID: 0}
  m_NavMeshLayer: 0
  m_StaticEditorFlags: 0
  m_IsActive: 1
--- !u!4 &1336734325
Transform:
  m_ObjectHideFlags: 0
  m_CorrespondingSourceObject: {fileID: 0}
  m_PrefabInstance: {fileID: 0}
  m_PrefabAsset: {fileID: 0}
  m_GameObject: {fileID: 1336734324}
  m_LocalRotation: {x: 0.13780594, y: -0.05163481, z: -0.89802057, w: -0.4146111}
  m_LocalPosition: {x: 0.5506369, y: 1.0989087, z: 0.023458932}
  m_LocalScale: {x: 0.1, y: 0.1, z: 0.1}
  m_Children: []
  m_Father: {fileID: 663430846}
  m_RootOrder: 0
  m_LocalEulerAnglesHint: {x: 0, y: 0, z: 0}
--- !u!4 &1347922644 stripped
Transform:
  m_CorrespondingSourceObject: {fileID: 400048, guid: 7d3425a6c7317e048be11c2ff72db69e, type: 3}
  m_PrefabInstance: {fileID: 1292796906}
  m_PrefabAsset: {fileID: 0}
--- !u!4 &1357944864 stripped
Transform:
  m_CorrespondingSourceObject: {fileID: 400024, guid: 7d3425a6c7317e048be11c2ff72db69e, type: 3}
  m_PrefabInstance: {fileID: 1292796906}
  m_PrefabAsset: {fileID: 0}
--- !u!1 &1361855773
GameObject:
  m_ObjectHideFlags: 0
  m_CorrespondingSourceObject: {fileID: 0}
  m_PrefabInstance: {fileID: 0}
  m_PrefabAsset: {fileID: 0}
  serializedVersion: 6
  m_Component:
  - component: {fileID: 1361855774}
  m_Layer: 0
  m_Name: IK_Hand_L_target
  m_TagString: Untagged
  m_Icon: {fileID: 0}
  m_NavMeshLayer: 0
  m_StaticEditorFlags: 0
  m_IsActive: 1
--- !u!4 &1361855774
Transform:
  m_ObjectHideFlags: 0
  m_CorrespondingSourceObject: {fileID: 0}
  m_PrefabInstance: {fileID: 0}
  m_PrefabAsset: {fileID: 0}
  m_GameObject: {fileID: 1361855773}
  m_LocalRotation: {x: 0.8980202, y: 0.41461232, z: -0.13780467, w: 0.051635504}
  m_LocalPosition: {x: -0.5506368, y: 1.0989074, z: 0.023457427}
  m_LocalScale: {x: 0.1, y: 0.1, z: 0.1}
  m_Children: []
  m_Father: {fileID: 115825329}
  m_RootOrder: 0
  m_LocalEulerAnglesHint: {x: 0, y: 0, z: 0}
--- !u!4 &1406495231 stripped
Transform:
  m_CorrespondingSourceObject: {fileID: 400006, guid: 7d3425a6c7317e048be11c2ff72db69e, type: 3}
  m_PrefabInstance: {fileID: 1292796906}
  m_PrefabAsset: {fileID: 0}
--- !u!4 &1412093646 stripped
Transform:
  m_CorrespondingSourceObject: {fileID: 400008, guid: 7d3425a6c7317e048be11c2ff72db69e, type: 3}
  m_PrefabInstance: {fileID: 1292796906}
  m_PrefabAsset: {fileID: 0}
--- !u!4 &1429596476 stripped
Transform:
  m_CorrespondingSourceObject: {fileID: 400058, guid: 7d3425a6c7317e048be11c2ff72db69e, type: 3}
  m_PrefabInstance: {fileID: 1292796906}
  m_PrefabAsset: {fileID: 0}
--- !u!4 &1430025004 stripped
Transform:
  m_CorrespondingSourceObject: {fileID: 400094, guid: 7d3425a6c7317e048be11c2ff72db69e, type: 3}
  m_PrefabInstance: {fileID: 1292796906}
  m_PrefabAsset: {fileID: 0}
--- !u!4 &1481790143 stripped
Transform:
  m_CorrespondingSourceObject: {fileID: 400092, guid: 7d3425a6c7317e048be11c2ff72db69e, type: 3}
  m_PrefabInstance: {fileID: 1292796906}
  m_PrefabAsset: {fileID: 0}
--- !u!4 &1625904486 stripped
Transform:
  m_CorrespondingSourceObject: {fileID: 400010, guid: 7d3425a6c7317e048be11c2ff72db69e, type: 3}
  m_PrefabInstance: {fileID: 1292796906}
  m_PrefabAsset: {fileID: 0}
--- !u!4 &1645250460 stripped
Transform:
  m_CorrespondingSourceObject: {fileID: 400088, guid: 7d3425a6c7317e048be11c2ff72db69e, type: 3}
  m_PrefabInstance: {fileID: 1292796906}
  m_PrefabAsset: {fileID: 0}
--- !u!4 &1713666363 stripped
Transform:
  m_CorrespondingSourceObject: {fileID: 400084, guid: 7d3425a6c7317e048be11c2ff72db69e, type: 3}
  m_PrefabInstance: {fileID: 1292796906}
  m_PrefabAsset: {fileID: 0}
--- !u!4 &1719621752 stripped
Transform:
  m_CorrespondingSourceObject: {fileID: 400002, guid: 7d3425a6c7317e048be11c2ff72db69e, type: 3}
  m_PrefabInstance: {fileID: 1292796906}
  m_PrefabAsset: {fileID: 0}
--- !u!4 &1820776157 stripped
Transform:
  m_CorrespondingSourceObject: {fileID: 400028, guid: 7d3425a6c7317e048be11c2ff72db69e, type: 3}
  m_PrefabInstance: {fileID: 1292796906}
  m_PrefabAsset: {fileID: 0}
--- !u!1 &1847233014
GameObject:
  m_ObjectHideFlags: 0
  m_CorrespondingSourceObject: {fileID: 0}
  m_PrefabInstance: {fileID: 0}
  m_PrefabAsset: {fileID: 0}
  serializedVersion: 6
  m_Component:
  - component: {fileID: 1847233015}
  m_Layer: 0
  m_Name: IK_Hand_L_hint
  m_TagString: Untagged
  m_Icon: {fileID: 0}
  m_NavMeshLayer: 0
  m_StaticEditorFlags: 0
  m_IsActive: 1
--- !u!4 &1847233015
Transform:
  m_ObjectHideFlags: 0
  m_CorrespondingSourceObject: {fileID: 0}
  m_PrefabInstance: {fileID: 0}
  m_PrefabAsset: {fileID: 0}
  m_GameObject: {fileID: 1847233014}
  m_LocalRotation: {x: 0.64793813, y: 0.23029047, z: -0.42888296, w: -0.58583444}
  m_LocalPosition: {x: -0.39783347, y: 1.308, z: -0.134}
  m_LocalScale: {x: 0.1, y: 0.1, z: 0.1}
  m_Children: []
  m_Father: {fileID: 115825329}
  m_RootOrder: 1
  m_LocalEulerAnglesHint: {x: 0, y: 0, z: 0}
--- !u!1 &1870213612
GameObject:
  m_ObjectHideFlags: 0
  m_CorrespondingSourceObject: {fileID: 0}
  m_PrefabInstance: {fileID: 0}
  m_PrefabAsset: {fileID: 0}
  serializedVersion: 6
  m_Component:
  - component: {fileID: 1870213613}
  - component: {fileID: 1870213614}
  m_Layer: 0
  m_Name: LeftHand Controller
  m_TagString: Untagged
  m_Icon: {fileID: 0}
  m_NavMeshLayer: 0
  m_StaticEditorFlags: 0
  m_IsActive: 1
--- !u!4 &1870213613
Transform:
  m_ObjectHideFlags: 0
  m_CorrespondingSourceObject: {fileID: 0}
  m_PrefabInstance: {fileID: 0}
  m_PrefabAsset: {fileID: 0}
  m_GameObject: {fileID: 1870213612}
  m_LocalRotation: {x: 0, y: 0, z: 0, w: 1}
  m_LocalPosition: {x: 0, y: 0, z: 0}
  m_LocalScale: {x: 1, y: 1, z: 1}
  m_Children: []
  m_Father: {fileID: 637510291}
  m_RootOrder: 1
  m_LocalEulerAnglesHint: {x: 0, y: 0, z: 0}
--- !u!114 &1870213614
MonoBehaviour:
  m_ObjectHideFlags: 0
  m_CorrespondingSourceObject: {fileID: 0}
  m_PrefabInstance: {fileID: 0}
  m_PrefabAsset: {fileID: 0}
  m_GameObject: {fileID: 1870213612}
  m_Enabled: 1
  m_EditorHideFlags: 0
  m_Script: {fileID: 11500000, guid: caff514de9b15ad48ab85dcff5508221, type: 3}
  m_Name: 
  m_EditorClassIdentifier: 
  m_UpdateTrackingType: 0
  m_EnableInputTracking: 1
  m_EnableInputActions: 1
  m_ModelPrefab: {fileID: 0}
  m_ModelParent: {fileID: 0}
  m_Model: {fileID: 0}
  m_AnimateModel: 0
  m_ModelSelectTransition: 
  m_ModelDeSelectTransition: 
  m_PositionAction:
    m_UseReference: 1
    m_Action:
      m_Name: Position
      m_Type: 0
      m_ExpectedControlType: 
      m_Id: 26d2aaa4-6518-4d33-8fae-419043a723d4
      m_Processors: 
      m_Interactions: 
      m_SingletonActionBindings: []
    m_Reference: {fileID: -2024308242397127297, guid: c348712bda248c246b8c49b3db54643f, type: 3}
  m_RotationAction:
    m_UseReference: 1
    m_Action:
      m_Name: Rotation
      m_Type: 0
      m_ExpectedControlType: 
      m_Id: d7a15530-737b-416a-9d5d-a8b51ba6c682
      m_Processors: 
      m_Interactions: 
      m_SingletonActionBindings: []
    m_Reference: {fileID: 8248158260566104461, guid: c348712bda248c246b8c49b3db54643f, type: 3}
  m_SelectAction:
    m_UseReference: 1
    m_Action:
      m_Name: Select
      m_Type: 0
      m_ExpectedControlType: 
      m_Id: 05483079-4b7c-4369-9176-fb8514428e98
      m_Processors: 
      m_Interactions: 
      m_SingletonActionBindings: []
    m_Reference: {fileID: -6131295136447488360, guid: c348712bda248c246b8c49b3db54643f, type: 3}
  m_ActivateAction:
    m_UseReference: 1
    m_Action:
      m_Name: Activate
      m_Type: 0
      m_ExpectedControlType: 
      m_Id: 38e5c09b-96d2-40e4-ae8e-3bfb9eb16727
      m_Processors: 
      m_Interactions: 
      m_SingletonActionBindings: []
    m_Reference: {fileID: -5982496924579745919, guid: c348712bda248c246b8c49b3db54643f, type: 3}
  m_UIPressAction:
    m_UseReference: 1
    m_Action:
      m_Name: UI Press
      m_Type: 0
      m_ExpectedControlType: 
      m_Id: 347fe4ac-83bc-44f7-a0d2-2793a5775161
      m_Processors: 
      m_Interactions: 
      m_SingletonActionBindings: []
    m_Reference: {fileID: -6395602842196007441, guid: c348712bda248c246b8c49b3db54643f, type: 3}
  m_HapticDeviceAction:
    m_UseReference: 1
    m_Action:
      m_Name: Haptic Device
      m_Type: 0
      m_ExpectedControlType: 
      m_Id: 35cfed17-bcaf-4ff9-9fe0-fa1727b7619b
      m_Processors: 
      m_Interactions: 
      m_SingletonActionBindings: []
    m_Reference: {fileID: -8785819595477538065, guid: c348712bda248c246b8c49b3db54643f, type: 3}
  m_RotateAnchorAction:
    m_UseReference: 1
    m_Action:
      m_Name: Rotate Anchor
      m_Type: 0
      m_ExpectedControlType: 
      m_Id: 4fcd4b62-1769-4cc4-aaee-aea2fc40d24f
      m_Processors: 
      m_Interactions: 
      m_SingletonActionBindings: []
    m_Reference: {fileID: -7363382999065477798, guid: c348712bda248c246b8c49b3db54643f, type: 3}
  m_TranslateAnchorAction:
    m_UseReference: 1
    m_Action:
      m_Name: Translate Anchor
      m_Type: 0
      m_ExpectedControlType: 
      m_Id: 7bfe4461-8d15-4a61-9fa6-28ce950c9996
      m_Processors: 
      m_Interactions: 
      m_SingletonActionBindings: []
    m_Reference: {fileID: 7779212132400271959, guid: c348712bda248c246b8c49b3db54643f, type: 3}
  m_ButtonPressPoint: 0.5
--- !u!4 &1938859612 stripped
Transform:
  m_CorrespondingSourceObject: {fileID: 400032, guid: 7d3425a6c7317e048be11c2ff72db69e, type: 3}
  m_PrefabInstance: {fileID: 1292796906}
  m_PrefabAsset: {fileID: 0}
--- !u!4 &1990873230 stripped
Transform:
  m_CorrespondingSourceObject: {fileID: 400054, guid: 7d3425a6c7317e048be11c2ff72db69e, type: 3}
  m_PrefabInstance: {fileID: 1292796906}
  m_PrefabAsset: {fileID: 0}
--- !u!4 &2071595610 stripped
Transform:
  m_CorrespondingSourceObject: {fileID: 400016, guid: 7d3425a6c7317e048be11c2ff72db69e, type: 3}
  m_PrefabInstance: {fileID: 1292796906}
  m_PrefabAsset: {fileID: 0}
--- !u!4 &2073030000 stripped
Transform:
  m_CorrespondingSourceObject: {fileID: 400072, guid: 7d3425a6c7317e048be11c2ff72db69e, type: 3}
  m_PrefabInstance: {fileID: 1292796906}
  m_PrefabAsset: {fileID: 0}
--- !u!4 &2104187570 stripped
Transform:
  m_CorrespondingSourceObject: {fileID: 400034, guid: 7d3425a6c7317e048be11c2ff72db69e, type: 3}
  m_PrefabInstance: {fileID: 1292796906}
  m_PrefabAsset: {fileID: 0}
--- !u!4 &2110026072 stripped
Transform:
  m_CorrespondingSourceObject: {fileID: 400082, guid: 7d3425a6c7317e048be11c2ff72db69e, type: 3}
  m_PrefabInstance: {fileID: 1292796906}
  m_PrefabAsset: {fileID: 0}
--- !u!4 &2127323729 stripped
Transform:
  m_CorrespondingSourceObject: {fileID: 400046, guid: 7d3425a6c7317e048be11c2ff72db69e, type: 3}
  m_PrefabInstance: {fileID: 1292796906}
  m_PrefabAsset: {fileID: 0}
